@book{mac1998categories,
  title={Categories for the working mathematician},
  author={Mac Lane, Saunders},
  volume={5},
  year={1998},
  publisher={springer}
}

@inproceedings{wadler1989theorems,
  title={Theorems for free!},
  author={Wadler, Philip},
  booktitle={Proceedings of the fourth international conference on Functional programming languages and computer architecture},
  pages={347--359},
  year={1989},
  organization={ACM}
}

@article{buckingham1914physically,
  title={On physically similar systems; illustrations of the use of dimensional equations},
  author={Buckingham, Edgar},
  journal={Physical Review},
  volume={4},
  number={4},
  pages={345--376},
  year={1914}
}

@article{sonin2001physical,
  title={The physical basis of dimensional analysis},
  author={Sonin, Ain A},
  journal={Department of Mechanical Engineering, MIT, Cambridge, MA},
  year={2001}
}


@inproceedings{Kennedy:1997:RPU:263699.263761,
 author = {Kennedy, Andrew J.},
 title = {Relational Parametricity and Units of Measure},
 booktitle = {Proceedings of the 24th ACM SIGPLAN-SIGACT Symposium on Principles of Programming Languages},
 series = {POPL '97},
 year = {1997},
 isbn = {0-89791-853-3},
 location = {Paris, France},
 pages = {442--455},
 numpages = {14},
 url = {http://doi.acm.org/10.1145/263699.263761},
 doi = {10.1145/263699.263761},
 acmid = {263761},
 publisher = {ACM},
 address = {New York, NY, USA},
 }

@inproceedings{reynolds1983types,
  title   = {Types, Abstraction and Parametric Polymorphism},
  author  = {John Reynolds},
  booktitle = {Information Processing},
  year    = {1983},
}

@book{jacobs1999categorical,
  title={Categorical logic and type theory},
  author={Jacobs, Bart},
  volume={141},
  year={1999},
  publisher={Elsevier}
}

@inproceedings{dunphy2004parametric,
  title={Parametric limits},
  author={Dunphy, Brian and Reddy, Uday S},
  booktitle={Logic in Computer Science, 2004. Proceedings of the 19th Annual IEEE Symposium on},
  pages={242--251},
  year={2004},
  organization={IEEE}
}

@InProceedings{dtt-parametricity,
  title = {A Relationally Parametric Model of Dependent Type Theory},
  author = {Robert Atkey and Neil Ghani and Patricia Johann},
  year = {2014},
  booktitle = {Proceedings of the 41st ACM SIGPLAN-SIGACT Symposium on Principles of Programming Languages (POPL 2014)},
}

@incollection{plotkin1993logic,
  title={A logic for parametric polymorphism},
  author={Plotkin, Gordon and Abadi, Mart{\'\i}n},
  booktitle={Typed Lambda Calculi and Applications},
  pages={361--375},
  year={1993},
  publisher={Springer}
}

@article{birkedal2005categorical,
  title={Categorical models for Abadi and Plotkin's logic for parametricity},
  author={Birkedal, Lars and M{\o}gelberg, Rasmus E},
  journal={Mathematical Structures in Computer Science},
  volume={15},
  number={04},
  pages={709--772},
  year={2005},
  publisher={Cambridge Univ Press}
}

@article{pitts2000parametric,
  title={Parametric polymorphism and operational equivalence},
  author={Pitts, Andrew M},
  journal={Mathematical Structures in Computer Science},
  volume={10},
  number={3},
  pages={321--359},
  year={2000},
  publisher={Cambridge Univ Press}
}

@book{martin1984intuitionistic,
  title={Intuitionistic type theory},
  author={Martin-Lof, Per and Sambin, Giovanni},
  volume={17},
  year={1984},
  publisher={Bibliopolis Naples}
}

@article{hermida1999some,
  title={Some properties of Fib as a fibred 2-category},
  author={Hermida, Claudio},
  journal={Journal of Pure and Applied Algebra},
  volume={134},
  number={1},
  pages={83--109},
  year={1999},
  publisher={Elsevier}
}

@inproceedings{benton2009biorthogonality,
  author    = {Nick Benton and Chung{-}Kil Hur},
  title     = {Biorthogonality, step-indexing and compiler correctness},
  booktitle = {Proceedings of the 14th {ACM} {SIGPLAN} international conference on Functional programming, {ICFP} 2009, Edinburgh, Scotland, UK, August 31 - September 2, 2009},
  pages     = {97--108},
  year      = {2009},
  doi       = {10.1145/1596550.1596567},
}

@inproceedings{ahmed2008typed,
  author    = {Amal Ahmed and Matthias Blume},
  title     = {Typed closure conversion preserves observational equivalence},
  booktitle = {Proceedings of the 13th {ACM} {SIGPLAN} international conference on Functional programming, {ICFP} 2008, Victoria, BC, Canada, September 20-28, 2008},
  pages     = {157--168},
  year      = {2008},
  doi       = {10.1145/1411204.1411227},
}

@inproceedings{reed2010distance,
  author    = {Jason Reed and Benjamin C. Pierce},
  title     = {Distance makes the types grow stronger: a calculus for differential privacy},
  booktitle = {Proceedings of the 15th {ACM} {SIGPLAN} international conference on Functional programming, {ICFP} 2010, Baltimore, Maryland, USA, September 27-29, 2010},
  pages     = {157--168},
  year      = {2010},
  doi       = {10.1145/1863543.1863568},
}

@inproceedings{atkey2013abstraction,
  author    = {Robert Atkey and Patricia Johann and Andrew Kennedy},
  title     = {Abstraction and invariance for algebraically indexed types},
  booktitle = {The 40th Annual {ACM} {SIGPLAN-SIGACT} Symposium on Principles of Programming Languages, {POPL} '13, Rome, Italy - January 23 - 25, 2013},
  pages     = {87--100},
  year      = {2013},
  doi       = {10.1145/2429069.2429082},
}

@article{hasegawa1994categorical,
  author   = {Hasegawa,Ryu},
  title    = {Categorical data types in parametric polymorphism},
  journal  = {Mathematical Structures in Computer Science},
  volume   = {4},
  issue    = {01},
  month    = {3},
  year     = {1994},
  issn     = {1469-8072},
  pages    = {71--109},
  numpages = {39},
  doi      = {10.1017/S0960129500000372},
}
